
@MISC{Abel,
	HOWPUBLISHED = "\url{http://www-history.mcs.st-andrews.ac.uk/Quotations/Abel.html}",
    TITLE="MacTutor History 
of Mathematics archive",
NOTE = "Accessed on 11-11-2017",
}

@INBOOK{Mettendo,
    AUTHOR="Bagni Appunti",
    TITLE="Analisi matematica",
    YEAR="1978",
    PAGES="185",
}

@MISC{Exnihilo,
	HOWPUBLISHED = "\url{https://www.merriam-webster.com/dictionary/ex\%20nihilo}",
	TITLE = "Merriam-Webster",
	NOTE = "Accessed on 12-11-2017"
}

@INBOOK{Wolff,
    AUTHOR="Christian Wolff",
    TITLE="Acta Eruditorum",
    YEAR="1712",
    PAGES="143-146",
}

@MISC{Func,
	HOWPUBLISHED = "\url{https://www.wolframalpha.com/input/?i=functional+equation}",
	TITLE = "Wolfram Alpha (Functional Equation)",
	NOTE = "Accessed on 29-11-2017"
}

@INBOOK{Hardy,
    AUTHOR="G. H. Hardy",
    TITLE="Divergent Series",
	PUBLISHER="Oxford", 
    YEAR="1973",
    PAGES="23",
}


@MISC{Bern,
	HOWPUBLISHED = "\url{http://www.bernoulli.org/}",
	TITLE = "The Bernoulli Number Page",
	NOTE = "Accessed on 30-11-2017"
}

@MISC{BernSeq,
	HOWPUBLISHED = "\url{https://www.wolframalpha.com/input/?i=Bernoulli+numbers}",
	TITLE = "Wolfram Alpha (Bernoulli Numbers)",
	NOTE = "Accessed on 30-11-2017"
}

@INBOOK{String,
    AUTHOR="Joseph Polchinski",
    TITLE="String Theory",
    PUBLISHER=" Cambridge University Press",
    YEAR="2005",
    PAGES="22",
}

@MISC{Numberphile,
	HOWPUBLISHED = "\url{www.youtube.com/watch?v=w-I6XTVZXww}",
	TITLE = "ASTOUNDING: 1+2+3+4+5+...= -1/12",
	NOTE = "Accessed on 30-11-2017"
}
